@MISC{noauthor_undated-an,
  title        = "Responsive web design ({RWD}) and user experience",
  booktitle    = "Nielsen Norman Group",
  abstract     = "Responsive design teams create a single site to support many
                  devices, but need to consider content, design and performance
                  across devices to ensure usability.",
  howpublished = "\url{https://www.nngroup.com/articles/responsive-web-design-definition/.}",
  note         = "Accessed: 2022-3-6",
  language     = "en"
}






@article{zadeh1978fuzzy,
  title={Fuzzy sets as a basis for a theory of possibility},
  author={Zadeh, Lotfi Asker},
  journal={Fuzzy sets and systems},
  volume={1},
  number={1},
  pages={3--28},
  year={1978},
  publisher={Elsevier}
}

